%YAML 1.1
%TAG !u! tag:unity3d.com,2011:
--- !u!1 &715421579731774676
GameObject:
  m_ObjectHideFlags: 0
  m_CorrespondingSourceObject: {fileID: 0}
  m_PrefabInstance: {fileID: 0}
  m_PrefabAsset: {fileID: 0}
  serializedVersion: 6
  m_Component:
  - component: {fileID: 2273168005089051532}
  m_Layer: 0
  m_Name: Entrance
  m_TagString: Untagged
  m_Icon: {fileID: 0}
  m_NavMeshLayer: 0
  m_StaticEditorFlags: 0
  m_IsActive: 1
--- !u!4 &2273168005089051532
Transform:
  m_ObjectHideFlags: 0
  m_CorrespondingSourceObject: {fileID: 0}
  m_PrefabInstance: {fileID: 0}
  m_PrefabAsset: {fileID: 0}
  m_GameObject: {fileID: 715421579731774676}
  m_LocalRotation: {x: 0, y: 0, z: 0, w: 1}
  m_LocalPosition: {x: 8, y: 0, z: 0}
  m_LocalScale: {x: 1, y: 1, z: 1}
  m_Children: []
  m_Father: {fileID: 3843568235229997185}
  m_RootOrder: 0
  m_LocalEulerAnglesHint: {x: 0, y: 0, z: 0}
--- !u!1 &2744125168495748695
GameObject:
  m_ObjectHideFlags: 0
  m_CorrespondingSourceObject: {fileID: 0}
  m_PrefabInstance: {fileID: 0}
  m_PrefabAsset: {fileID: 0}
  serializedVersion: 6
  m_Component:
  - component: {fileID: 9186457140088367064}
  m_Layer: 0
  m_Name: Exit
  m_TagString: Untagged
  m_Icon: {fileID: 0}
  m_NavMeshLayer: 0
  m_StaticEditorFlags: 0
  m_IsActive: 1
--- !u!4 &9186457140088367064
Transform:
  m_ObjectHideFlags: 0
  m_CorrespondingSourceObject: {fileID: 0}
  m_PrefabInstance: {fileID: 0}
  m_PrefabAsset: {fileID: 0}
  m_GameObject: {fileID: 2744125168495748695}
  m_LocalRotation: {x: 0, y: 0, z: 0, w: 1}
  m_LocalPosition: {x: -8, y: 0, z: 28}
  m_LocalScale: {x: 1, y: 1, z: 1}
  m_Children: []
  m_Father: {fileID: 3843568235229997185}
  m_RootOrder: 1
  m_LocalEulerAnglesHint: {x: 0, y: 0, z: 0}
--- !u!1 &5702499090692055869
GameObject:
  m_ObjectHideFlags: 0
  m_CorrespondingSourceObject: {fileID: 0}
  m_PrefabInstance: {fileID: 0}
  m_PrefabAsset: {fileID: 0}
  serializedVersion: 6
  m_Component:
  - component: {fileID: 3843568235229997185}
  - component: {fileID: 8806940323849427739}
  - component: {fileID: 4167720049706528812}
  - component: {fileID: 945168207290435579}
  - component: {fileID: 5338504029947664845}
  - component: {fileID: -7675369346666133359}
  m_Layer: 0
  m_Name: Tightrope Logs Right
  m_TagString: Room
  m_Icon: {fileID: 0}
  m_NavMeshLayer: 0
  m_StaticEditorFlags: 0
  m_IsActive: 1
--- !u!4 &3843568235229997185
Transform:
  m_ObjectHideFlags: 0
  m_CorrespondingSourceObject: {fileID: 0}
  m_PrefabInstance: {fileID: 0}
  m_PrefabAsset: {fileID: 0}
  m_GameObject: {fileID: 5702499090692055869}
  m_LocalRotation: {x: 0, y: 0, z: 0, w: 1}
  m_LocalPosition: {x: 4, y: -0, z: 18}
  m_LocalScale: {x: 1, y: 1, z: 1}
  m_Children:
  - {fileID: 2273168005089051532}
  - {fileID: 9186457140088367064}
  - {fileID: 4466553881158987094}
  m_Father: {fileID: 0}
  m_RootOrder: 0
  m_LocalEulerAnglesHint: {x: 0, y: 0, z: 0}
--- !u!33 &8806940323849427739
MeshFilter:
  m_ObjectHideFlags: 0
  m_CorrespondingSourceObject: {fileID: 0}
  m_PrefabInstance: {fileID: 0}
  m_PrefabAsset: {fileID: 0}
  m_GameObject: {fileID: 5702499090692055869}
  m_Mesh: {fileID: 0}
--- !u!23 &4167720049706528812
MeshRenderer:
  m_ObjectHideFlags: 0
  m_CorrespondingSourceObject: {fileID: 0}
  m_PrefabInstance: {fileID: 0}
  m_PrefabAsset: {fileID: 0}
  m_GameObject: {fileID: 5702499090692055869}
  m_Enabled: 1
  m_CastShadows: 1
  m_ReceiveShadows: 1
  m_DynamicOccludee: 1
  m_MotionVectors: 1
  m_LightProbeUsage: 1
  m_ReflectionProbeUsage: 1
  m_RenderingLayerMask: 1
  m_RendererPriority: 0
  m_Materials:
  - {fileID: 2100000, guid: abe3d44317a696249b4af49de6762d5d, type: 2}
  m_StaticBatchInfo:
    firstSubMesh: 0
    subMeshCount: 0
  m_StaticBatchRoot: {fileID: 0}
  m_ProbeAnchor: {fileID: 0}
  m_LightProbeVolumeOverride: {fileID: 0}
  m_ScaleInLightmap: 1
  m_ReceiveGI: 1
  m_PreserveUVs: 0
  m_IgnoreNormalsForChartDetection: 0
  m_ImportantGI: 0
  m_StitchLightmapSeams: 1
  m_SelectedEditorRenderState: 2
  m_MinimumChartSize: 4
  m_AutoUVMaxDistance: 0.5
  m_AutoUVMaxAngle: 89
  m_LightmapParameters: {fileID: 0}
  m_SortingLayerID: 0
  m_SortingLayer: 0
  m_SortingOrder: 0
--- !u!114 &945168207290435579
MonoBehaviour:
  m_ObjectHideFlags: 0
  m_CorrespondingSourceObject: {fileID: 0}
  m_PrefabInstance: {fileID: 0}
  m_PrefabAsset: {fileID: 0}
  m_GameObject: {fileID: 5702499090692055869}
  m_Enabled: 1
  m_EditorHideFlags: 0
  m_Script: {fileID: 11500000, guid: 8233d90336aea43098adf6dbabd606a2, type: 3}
  m_Name: 
  m_EditorClassIdentifier: 
  m_MeshFormatVersion: 1
  m_Faces:
  - m_Indexes: 010000000000000003000000020000000100000003000000
    m_SmoothingGroup: 0
    m_Uv:
      m_UseWorldSpace: 0
      m_FlipU: 0
      m_FlipV: 0
      m_SwapUV: 0
      m_Fill: 1
      m_Scale: {x: 1, y: 1}
      m_Offset: {x: -10, y: -14}
      m_Rotation: 0
      m_Anchor: 9
    m_Material: {fileID: 2100000, guid: c22777d6e868e4f2fb421913386b154e, type: 2}
    m_SubmeshIndex: 0
    m_ManualUV: 0
    elementGroup: -1
    m_TextureGroup: -1
  - m_Indexes: 040000000500000006000000050000000700000006000000
    m_SmoothingGroup: 0
    m_Uv:
      m_UseWorldSpace: 0
      m_FlipU: 0
      m_FlipV: 0
      m_SwapUV: 0
      m_Fill: 1
      m_Scale: {x: 1, y: 1}
      m_Offset: {x: 6, y: -14}
      m_Rotation: 0
      m_Anchor: 9
    m_Material: {fileID: 0}
    m_SubmeshIndex: 0
    m_ManualUV: 0
    elementGroup: -1
    m_TextureGroup: -1
  - m_Indexes: 08000000090000000a000000090000000b0000000a000000
    m_SmoothingGroup: 0
    m_Uv:
      m_UseWorldSpace: 0
      m_FlipU: 0
      m_FlipV: 0
      m_SwapUV: 0
      m_Fill: 1
      m_Scale: {x: 1, y: 1}
      m_Offset: {x: 6, y: -14}
      m_Rotation: 0
      m_Anchor: 9
    m_Material: {fileID: 0}
    m_SubmeshIndex: 0
    m_ManualUV: 0
    elementGroup: -1
    m_TextureGroup: -1
  - m_Indexes: 0c0000000d0000000e0000000d0000000f0000000e000000
    m_SmoothingGroup: 0
    m_Uv:
      m_UseWorldSpace: 0
      m_FlipU: 0
      m_FlipV: 0
      m_SwapUV: 0
      m_Fill: 1
      m_Scale: {x: 1, y: 1}
      m_Offset: {x: 22, y: -14}
      m_Rotation: 0
      m_Anchor: 9
    m_Material: {fileID: 0}
    m_SubmeshIndex: 0
    m_ManualUV: 0
    elementGroup: -1
    m_TextureGroup: -1
  - m_Indexes: 100000001100000012000000110000001300000012000000
    m_SmoothingGroup: 0
    m_Uv:
      m_UseWorldSpace: 0
      m_FlipU: 0
      m_FlipV: 0
      m_SwapUV: 0
      m_Fill: 1
      m_Scale: {x: 1, y: 1}
      m_Offset: {x: -14, y: -0}
      m_Rotation: 0
      m_Anchor: 9
    m_Material: {fileID: 0}
    m_SubmeshIndex: 0
    m_ManualUV: 0
    elementGroup: -1
    m_TextureGroup: -1
  - m_Indexes: 140000001500000016000000150000001700000016000000
    m_SmoothingGroup: 0
    m_Uv:
      m_UseWorldSpace: 0
      m_FlipU: 0
      m_FlipV: 0
      m_SwapUV: 0
      m_Fill: 1
      m_Scale: {x: 1, y: 1}
      m_Offset: {x: 14, y: -0}
      m_Rotation: 0
      m_Anchor: 9
    m_Material: {fileID: 0}
    m_SubmeshIndex: 0
    m_ManualUV: 0
    elementGroup: -1
    m_TextureGroup: -1
  - m_Indexes: 18000000190000001a000000190000001b0000001a000000
    m_SmoothingGroup: 0
    m_Uv:
      m_UseWorldSpace: 0
      m_FlipU: 0
      m_FlipV: 0
      m_SwapUV: 0
      m_Fill: 1
      m_Scale: {x: 1, y: 1}
      m_Offset: {x: 2, y: -14}
      m_Rotation: 0
      m_Anchor: 9
    m_Material: {fileID: 0}
    m_SubmeshIndex: 0
    m_ManualUV: 0
    elementGroup: -1
    m_TextureGroup: -1
  - m_Indexes: 1e0000001d0000001c0000001e0000001f0000001d000000
    m_SmoothingGroup: 0
    m_Uv:
      m_UseWorldSpace: 0
      m_FlipU: 0
      m_FlipV: 0
      m_SwapUV: 0
      m_Fill: 1
      m_Scale: {x: 1, y: 1}
      m_Offset: {x: -8, y: -0}
      m_Rotation: 0
      m_Anchor: 9
    m_Material: {fileID: 0}
    m_SubmeshIndex: 0
    m_ManualUV: 0
    elementGroup: -1
    m_TextureGroup: -1
  - m_Indexes: 220000002100000020000000220000002300000021000000
    m_SmoothingGroup: 0
    m_Uv:
      m_UseWorldSpace: 0
      m_FlipU: 0
      m_FlipV: 0
      m_SwapUV: 0
      m_Fill: 1
      m_Scale: {x: 1, y: 1}
      m_Offset: {x: -0, y: -0}
      m_Rotation: 0
      m_Anchor: 9
    m_Material: {fileID: 0}
    m_SubmeshIndex: 0
    m_ManualUV: 0
    elementGroup: -1
    m_TextureGroup: -1
  - m_Indexes: 260000002500000024000000260000002700000025000000
    m_SmoothingGroup: 0
    m_Uv:
      m_UseWorldSpace: 0
      m_FlipU: 0
      m_FlipV: 0
      m_SwapUV: 0
      m_Fill: 1
      m_Scale: {x: 1, y: 1}
      m_Offset: {x: -0, y: -0}
      m_Rotation: 0
      m_Anchor: 9
    m_Material: {fileID: 0}
    m_SubmeshIndex: 0
    m_ManualUV: 0
    elementGroup: -1
    m_TextureGroup: -1
  - m_Indexes: 2a00000029000000280000002a0000002b00000029000000
    m_SmoothingGroup: 0
    m_Uv:
      m_UseWorldSpace: 0
      m_FlipU: 0
      m_FlipV: 0
      m_SwapUV: 0
      m_Fill: 1
      m_Scale: {x: 1, y: 1}
      m_Offset: {x: -22, y: -0}
      m_Rotation: 0
      m_Anchor: 9
    m_Material: {fileID: 0}
    m_SubmeshIndex: 0
    m_ManualUV: 0
    elementGroup: -1
    m_TextureGroup: -1
  - m_Indexes: 2c0000002d0000002e0000002d0000002f0000002e000000
    m_SmoothingGroup: 0
    m_Uv:
      m_UseWorldSpace: 0
      m_FlipU: 0
      m_FlipV: 0
      m_SwapUV: 0
      m_Fill: 1
      m_Scale: {x: 1, y: 1}
      m_Offset: {x: 6, y: -14}
      m_Rotation: 0
      m_Anchor: 9
    m_Material: {fileID: 0}
    m_SubmeshIndex: 0
    m_ManualUV: 0
    elementGroup: -1
    m_TextureGroup: -1
  - m_Indexes: 300000003100000032000000310000003300000032000000
    m_SmoothingGroup: 0
    m_Uv:
      m_UseWorldSpace: 0
      m_FlipU: 0
      m_FlipV: 0
      m_SwapUV: 0
      m_Fill: 1
      m_Scale: {x: 1, y: 1}
      m_Offset: {x: 6, y: -14}
      m_Rotation: 0
      m_Anchor: 9
    m_Material: {fileID: 0}
    m_SubmeshIndex: 0
    m_ManualUV: 0
    elementGroup: -1
    m_TextureGroup: -1
  - m_Indexes: 340000003500000036000000350000003700000036000000
    m_SmoothingGroup: 0
    m_Uv:
      m_UseWorldSpace: 0
      m_FlipU: 0
      m_FlipV: 0
      m_SwapUV: 0
      m_Fill: 1
      m_Scale: {x: 1, y: 1}
      m_Offset: {x: 6, y: -14}
      m_Rotation: 0
      m_Anchor: 9
    m_Material: {fileID: 0}
    m_SubmeshIndex: 0
    m_ManualUV: 0
    elementGroup: -1
    m_TextureGroup: -1
  - m_Indexes: 3a00000039000000380000003a0000003b00000039000000
    m_SmoothingGroup: 0
    m_Uv:
      m_UseWorldSpace: 0
      m_FlipU: 0
      m_FlipV: 0
      m_SwapUV: 0
      m_Fill: 1
      m_Scale: {x: 1, y: 1}
      m_Offset: {x: 6, y: -14}
      m_Rotation: 0
      m_Anchor: 9
    m_Material: {fileID: 0}
    m_SubmeshIndex: 0
    m_ManualUV: 0
    elementGroup: -1
    m_TextureGroup: -1
  - m_Indexes: 3e0000003d0000003c0000003e0000003f0000003d000000
    m_SmoothingGroup: 0
    m_Uv:
      m_UseWorldSpace: 0
      m_FlipU: 0
      m_FlipV: 0
      m_SwapUV: 0
      m_Fill: 1
      m_Scale: {x: 1, y: 1}
      m_Offset: {x: 14, y: -0}
      m_Rotation: 0
      m_Anchor: 9
    m_Material: {fileID: 0}
    m_SubmeshIndex: 0
    m_ManualUV: 0
    elementGroup: -1
    m_TextureGroup: -1
  m_SharedVertices:
  - m_Vertices: 0000000006000000
  - m_Vertices: 010000000b000000
  - m_Vertices: 020000000a0000000f000000
  - m_Vertices: 03000000070000000e000000
  - m_Vertices: 09000000
  - m_Vertices: 04000000
  - m_Vertices: 050000000c000000
  - m_Vertices: 080000000d000000
  - m_Vertices: 150000003d000000
  - m_Vertices: 100000003f000000
  - m_Vertices: 170000002b000000
  - m_Vertices: 1200000029000000
  - m_Vertices: 11000000180000003e000000
  - m_Vertices: 130000001a00000028000000
  - m_Vertices: 14000000190000003c000000
  - m_Vertices: 160000001b0000002a000000
  - m_Vertices: 26000000
  - m_Vertices: 23000000
  - m_Vertices: 27000000
  - m_Vertices: 22000000
  - m_Vertices: 1c00000025000000
  - m_Vertices: 1d00000024000000
  - m_Vertices: 1e00000020000000
  - m_Vertices: 1f00000021000000
  - m_Vertices: 2e000000
  - m_Vertices: 33000000
  - m_Vertices: 3200000037000000
  - m_Vertices: 2f00000036000000
  - m_Vertices: 310000003a000000
  - m_Vertices: 2c00000038000000
  - m_Vertices: 2d0000003400000039000000
  - m_Vertices: 30000000350000003b000000
  m_SharedTextures: []
  m_Positions:
  - {x: 10, y: -2, z: 12}
  - {x: 6, y: -2, z: 12}
  - {x: 6, y: 0, z: 12}
  - {x: 10, y: 0, z: 12}
  - {x: 10, y: -2, z: 0}
  - {x: 10, y: 0, z: 0}
  - {x: 10, y: -2, z: 12}
  - {x: 10, y: 0, z: 12}
  - {x: 6, y: 0, z: 0}
  - {x: 6, y: -2, z: 0}
  - {x: 6, y: 0, z: 12}
  - {x: 6, y: -2, z: 12}
  - {x: 10, y: 0, z: 0}
  - {x: 6, y: 0, z: 0}
  - {x: 10, y: 0, z: 12}
  - {x: 6, y: 0, z: 12}
  - {x: 2, y: -2, z: 8}
  - {x: 2, y: 0, z: 8}
  - {x: 2, y: -2, z: 20}
  - {x: 2, y: 0, z: 20}
  - {x: -2, y: 0, z: 8}
  - {x: -2, y: -2, z: 8}
  - {x: -2, y: 0, z: 20}
  - {x: -2, y: -2, z: 20}
  - {x: 2, y: 0, z: 8}
  - {x: -2, y: 0, z: 8}
  - {x: 2, y: 0, z: 20}
  - {x: -2, y: 0, z: 20}
  - {x: 12, y: 8, z: 28}
  - {x: 12, y: 8, z: 0}
  - {x: -12, y: 8, z: 28}
  - {x: -12, y: 8, z: 0}
  - {x: -12, y: 8, z: 28}
  - {x: -12, y: 8, z: 0}
  - {x: -12, y: -2, z: 28}
  - {x: -12, y: -2, z: 0}
  - {x: 12, y: 8, z: 0}
  - {x: 12, y: 8, z: 28}
  - {x: 12, y: -2, z: 0}
  - {x: 12, y: -2, z: 28}
  - {x: 2, y: 0, z: 20}
  - {x: 2, y: -2, z: 20}
  - {x: -2, y: 0, z: 20}
  - {x: -2, y: -2, z: 20}
  - {x: -6, y: -2, z: 16}
  - {x: -6, y: 0, z: 16}
  - {x: -6, y: -2, z: 28}
  - {x: -6, y: 0, z: 28}
  - {x: -10, y: 0, z: 16}
  - {x: -10, y: -2, z: 16}
  - {x: -10, y: 0, z: 28}
  - {x: -10, y: -2, z: 28}
  - {x: -6, y: 0, z: 16}
  - {x: -10, y: 0, z: 16}
  - {x: -6, y: 0, z: 28}
  - {x: -10, y: 0, z: 28}
  - {x: -6, y: -2, z: 16}
  - {x: -6, y: 0, z: 16}
  - {x: -10, y: -2, z: 16}
  - {x: -10, y: 0, z: 16}
  - {x: -2, y: 0, z: 8}
  - {x: -2, y: -2, z: 8}
  - {x: 2, y: 0, z: 8}
  - {x: 2, y: -2, z: 8}
  m_Textures0:
  - {x: 0, y: 12}
  - {x: 4, y: 12}
  - {x: 4, y: 14}
  - {x: 0, y: 14}
  - {x: -6, y: 12}
  - {x: -6, y: 14}
  - {x: 6, y: 12}
  - {x: 6, y: 14}
  - {x: -6, y: 14}
  - {x: -6, y: 12}
  - {x: -18, y: 14}
  - {x: -18, y: 12}
  - {x: -12, y: 14}
  - {x: -16, y: 14}
  - {x: -12, y: 26}
  - {x: -16, y: 26}
  - {x: 22, y: -2}
  - {x: 22, y: 0}
  - {x: 34, y: -2}
  - {x: 34, y: 0}
  - {x: -22, y: 0}
  - {x: -22, y: -2}
  - {x: -34, y: 0}
  - {x: -34, y: -2}
  - {x: 0, y: 22}
  - {x: -4, y: 22}
  - {x: 0, y: 34}
  - {x: -4, y: 34}
  - {x: -4, y: 28}
  - {x: -4, y: 0}
  - {x: 20, y: 28}
  - {x: 20, y: 0}
  - {x: 28, y: 8}
  - {x: 0, y: 8}
  - {x: 28, y: -2}
  - {x: 0, y: -2}
  - {x: 0, y: 8}
  - {x: -28, y: 8}
  - {x: 0, y: -2}
  - {x: -28, y: -2}
  - {x: 20, y: 0}
  - {x: 20, y: -2}
  - {x: 24, y: 0}
  - {x: 24, y: -2}
  - {x: 10, y: 12}
  - {x: 10, y: 14}
  - {x: 22, y: 12}
  - {x: 22, y: 14}
  - {x: -22, y: 14}
  - {x: -22, y: 12}
  - {x: -34, y: 14}
  - {x: -34, y: 12}
  - {x: -12, y: 30}
  - {x: -16, y: 30}
  - {x: -12, y: 42}
  - {x: -16, y: 42}
  - {x: -12, y: 12}
  - {x: -12, y: 14}
  - {x: -16, y: 12}
  - {x: -16, y: 14}
  - {x: -16, y: 0}
  - {x: -16, y: -2}
  - {x: -12, y: 0}
  - {x: -12, y: -2}
  m_Textures2: []
  m_Textures3: []
  m_Tangents:
  - {x: -1, y: 0, z: 0, w: -1}
  - {x: -1, y: 0, z: 0, w: -1}
  - {x: -1, y: 0, z: 0, w: -1}
  - {x: -1, y: 0, z: 0, w: -1}
  - {x: 0, y: 0, z: 1, w: -1}
  - {x: 0, y: 0, z: 1, w: -1}
  - {x: 0, y: 0, z: 1, w: -1}
  - {x: 0, y: 0, z: 1, w: -1}
  - {x: 0, y: 0, z: -1, w: -1}
  - {x: 0, y: 0, z: -1, w: -1}
  - {x: 0, y: 0, z: -1, w: -1}
  - {x: 0, y: 0, z: -1, w: -1}
  - {x: 1, y: 0, z: 0, w: -1}
  - {x: 1, y: 0, z: 0, w: -1}
  - {x: 1, y: 0, z: 0, w: -1}
  - {x: 1, y: 0, z: 0, w: -1}
  - {x: 0, y: 0, z: 1, w: -1}
  - {x: 0, y: 0, z: 1, w: -1}
  - {x: 0, y: 0, z: 1, w: -1}
  - {x: 0, y: 0, z: 1, w: -1}
  - {x: 0, y: 0, z: -1, w: -1}
  - {x: 0, y: 0, z: -1, w: -1}
  - {x: 0, y: 0, z: -1, w: -1}
  - {x: 0, y: 0, z: -1, w: -1}
  - {x: 1, y: 0, z: 0, w: -1}
  - {x: 1, y: 0, z: 0, w: -1}
  - {x: 1, y: 0, z: 0, w: -1}
  - {x: 1, y: 0, z: 0, w: -1}
  - {x: -1, y: 0, z: 0, w: -1}
  - {x: -1, y: 0, z: 0, w: -1}
  - {x: -1, y: 0, z: 0, w: -1}
  - {x: -1, y: 0, z: 0, w: -1}
  - {x: 0, y: 0, z: 1, w: -1}
  - {x: 0, y: 0, z: 1, w: -1}
  - {x: 0, y: 0, z: 1, w: -1}
  - {x: 0, y: 0, z: 1, w: -1}
  - {x: 0, y: 0, z: -1, w: -1}
  - {x: 0, y: 0, z: -1, w: -1}
  - {x: 0, y: 0, z: -1, w: -1}
  - {x: 0, y: 0, z: -1, w: -1}
  - {x: -1, y: 0, z: 0, w: -1}
  - {x: -1, y: 0, z: 0, w: -1}
  - {x: -1, y: 0, z: 0, w: -1}
  - {x: -1, y: 0, z: 0, w: -1}
  - {x: 0, y: 0, z: 1, w: -1}
  - {x: 0, y: 0, z: 1, w: -1}
  - {x: 0, y: 0, z: 1, w: -1}
  - {x: 0, y: 0, z: 1, w: -1}
  - {x: 0, y: 0, z: -1, w: -1}
  - {x: 0, y: 0, z: -1, w: -1}
  - {x: 0, y: 0, z: -1, w: -1}
  - {x: 0, y: 0, z: -1, w: -1}
  - {x: 1, y: 0, z: 0, w: -1}
  - {x: 1, y: 0, z: 0, w: -1}
  - {x: 1, y: 0, z: 0, w: -1}
  - {x: 1, y: 0, z: 0, w: -1}
  - {x: 1, y: 0, z: 0, w: -1}
  - {x: 1, y: 0, z: 0, w: -1}
  - {x: 1, y: 0, z: 0, w: -1}
  - {x: 1, y: 0, z: 0, w: -1}
  - {x: 1, y: 0, z: 0, w: -1}
  - {x: 1, y: 0, z: 0, w: -1}
  - {x: 1, y: 0, z: 0, w: -1}
  - {x: 1, y: 0, z: 0, w: -1}
  m_Colors:
  - {r: 0.6084906, g: 0.8113208, b: 0.6525841, a: 1}
  - {r: 0.6084906, g: 0.8113208, b: 0.6525841, a: 1}
  - {r: 0.6084906, g: 0.8113208, b: 0.6525841, a: 1}
  - {r: 0.6084906, g: 0.8113208, b: 0.6525841, a: 1}
  - {r: 0.6084906, g: 0.8113208, b: 0.6525841, a: 1}
  - {r: 0.6084906, g: 0.8113208, b: 0.6525841, a: 1}
  - {r: 0.6084906, g: 0.8113208, b: 0.6525841, a: 1}
  - {r: 0.6084906, g: 0.8113208, b: 0.6525841, a: 1}
  - {r: 0.6084906, g: 0.8113208, b: 0.6525841, a: 1}
  - {r: 0.6084906, g: 0.8113208, b: 0.6525841, a: 1}
  - {r: 0.6084906, g: 0.8113208, b: 0.6525841, a: 1}
  - {r: 0.6084906, g: 0.8113208, b: 0.6525841, a: 1}
  - {r: 0.6084906, g: 0.8113208, b: 0.6525841, a: 1}
  - {r: 0.6084906, g: 0.8113208, b: 0.6525841, a: 1}
  - {r: 0.6084906, g: 0.8113208, b: 0.6525841, a: 1}
  - {r: 0.6084906, g: 0.8113208, b: 0.6525841, a: 1}
  - {r: 0.6084906, g: 0.8113208, b: 0.6525841, a: 1}
  - {r: 0.6084906, g: 0.8113208, b: 0.6525841, a: 1}
  - {r: 0.6084906, g: 0.8113208, b: 0.6525841, a: 1}
  - {r: 0.6084906, g: 0.8113208, b: 0.6525841, a: 1}
  - {r: 0.6084906, g: 0.8113208, b: 0.6525841, a: 1}
  - {r: 0.6084906, g: 0.8113208, b: 0.6525841, a: 1}
  - {r: 0.6084906, g: 0.8113208, b: 0.6525841, a: 1}
  - {r: 0.6084906, g: 0.8113208, b: 0.6525841, a: 1}
  - {r: 0.6084906, g: 0.8113208, b: 0.6525841, a: 1}
  - {r: 0.6084906, g: 0.8113208, b: 0.6525841, a: 1}
  - {r: 0.6084906, g: 0.8113208, b: 0.6525841, a: 1}
  - {r: 0.6084906, g: 0.8113208, b: 0.6525841, a: 1}
  - {r: 0.6084906, g: 0.8113208, b: 0.6525841, a: 1}
  - {r: 0.6084906, g: 0.8113208, b: 0.6525841, a: 1}
  - {r: 0.6084906, g: 0.8113208, b: 0.6525841, a: 1}
  - {r: 0.6084906, g: 0.8113208, b: 0.6525841, a: 1}
  - {r: 0.6084906, g: 0.8113208, b: 0.6525841, a: 1}
  - {r: 0.6084906, g: 0.8113208, b: 0.6525841, a: 1}
  - {r: 0.6084906, g: 0.8113208, b: 0.6525841, a: 1}
  - {r: 0.6084906, g: 0.8113208, b: 0.6525841, a: 1}
  - {r: 0.6084906, g: 0.8113208, b: 0.6525841, a: 1}
  - {r: 0.6084906, g: 0.8113208, b: 0.6525841, a: 1}
  - {r: 0.6084906, g: 0.8113208, b: 0.6525841, a: 1}
  - {r: 0.6084906, g: 0.8113208, b: 0.6525841, a: 1}
  - {r: 0.6084906, g: 0.8113208, b: 0.6525841, a: 1}
  - {r: 0.6084906, g: 0.8113208, b: 0.6525841, a: 1}
  - {r: 0.6084906, g: 0.8113208, b: 0.6525841, a: 1}
  - {r: 0.6084906, g: 0.8113208, b: 0.6525841, a: 1}
  - {r: 0.6084906, g: 0.8113208, b: 0.6525841, a: 1}
  - {r: 0.6084906, g: 0.8113208, b: 0.6525841, a: 1}
  - {r: 0.6084906, g: 0.8113208, b: 0.6525841, a: 1}
  - {r: 0.6084906, g: 0.8113208, b: 0.6525841, a: 1}
  - {r: 0.6084906, g: 0.8113208, b: 0.6525841, a: 1}
  - {r: 0.6084906, g: 0.8113208, b: 0.6525841, a: 1}
  - {r: 0.6084906, g: 0.8113208, b: 0.6525841, a: 1}
  - {r: 0.6084906, g: 0.8113208, b: 0.6525841, a: 1}
  - {r: 0.6084906, g: 0.8113208, b: 0.6525841, a: 1}
  - {r: 0.6084906, g: 0.8113208, b: 0.6525841, a: 1}
  - {r: 0.6084906, g: 0.8113208, b: 0.6525841, a: 1}
  - {r: 0.6084906, g: 0.8113208, b: 0.6525841, a: 1}
  - {r: 0.6084906, g: 0.8113208, b: 0.6525841, a: 1}
  - {r: 0.6084906, g: 0.8113208, b: 0.6525841, a: 1}
  - {r: 0.6084906, g: 0.8113208, b: 0.6525841, a: 1}
  - {r: 0.6084906, g: 0.8113208, b: 0.6525841, a: 1}
  - {r: 0.6084906, g: 0.8113208, b: 0.6525841, a: 1}
  - {r: 0.6084906, g: 0.8113208, b: 0.6525841, a: 1}
  - {r: 0.6084906, g: 0.8113208, b: 0.6525841, a: 1}
  - {r: 0.6084906, g: 0.8113208, b: 0.6525841, a: 1}
  m_UnwrapParameters:
    m_HardAngle: 88
    m_PackMargin: 20
    m_AngleError: 8
    m_AreaError: 15
  m_PreserveMeshAssetOnDestroy: 0
  assetGuid: 
  m_IsSelectable: 1
  m_SelectedFaces: 
  m_SelectedEdges: []
  m_SelectedVertices: 
--- !u!114 &5338504029947664845
MonoBehaviour:
  m_ObjectHideFlags: 0
  m_CorrespondingSourceObject: {fileID: 0}
  m_PrefabInstance: {fileID: 0}
  m_PrefabAsset: {fileID: 0}
  m_GameObject: {fileID: 5702499090692055869}
  m_Enabled: 1
  m_EditorHideFlags: 0
  m_Script: {fileID: 11500000, guid: e8c03717bf11e7c4696b09f38446b89e, type: 3}
  m_Name: 
  m_EditorClassIdentifier: 
  EntranceTransition: {fileID: 11400000, guid: d849e74c1fb67764c94491ee20b84a9f, type: 2}
  ExitTransition: {fileID: 11400000, guid: 1fa0e170552a08e4daab809c2a96070b, type: 2}
  EntranceTransform: {fileID: 2273168005089051532}
  ExitTransform: {fileID: 9186457140088367064}
--- !u!64 &-7675369346666133359
MeshCollider:
  m_ObjectHideFlags: 0
  m_CorrespondingSourceObject: {fileID: 0}
  m_PrefabInstance: {fileID: 0}
  m_PrefabAsset: {fileID: 0}
  m_GameObject: {fileID: 5702499090692055869}
  m_Material: {fileID: 0}
  m_IsTrigger: 0
  m_Enabled: 1
  serializedVersion: 3
  m_Convex: 0
  m_CookingOptions: 14
  m_Mesh: {fileID: 0}
--- !u!1 &5797308414591974449
GameObject:
  m_ObjectHideFlags: 0
  m_CorrespondingSourceObject: {fileID: 0}
  m_PrefabInstance: {fileID: 0}
  m_PrefabAsset: {fileID: 0}
  serializedVersion: 6
  m_Component:
  - component: {fileID: 4466553881158987094}
  - component: {fileID: 4006739972879809521}
  - component: {fileID: 6776728082924991106}
  - component: {fileID: 6728209972572277818}
  - component: {fileID: 6609862580872962089}
  - component: {fileID: 6574674096801003457}
  m_Layer: 0
  m_Name: Kill Trigger
  m_TagString: Brush
  m_Icon: {fileID: 0}
  m_NavMeshLayer: 0
  m_StaticEditorFlags: 0
  m_IsActive: 1
--- !u!4 &4466553881158987094
Transform:
  m_ObjectHideFlags: 0
  m_CorrespondingSourceObject: {fileID: 0}
  m_PrefabInstance: {fileID: 0}
  m_PrefabAsset: {fileID: 0}
  m_GameObject: {fileID: 5797308414591974449}
  m_LocalRotation: {x: -0, y: -0, z: -0, w: 1}
  m_LocalPosition: {x: 0, y: 0, z: 0}
  m_LocalScale: {x: 1, y: 1, z: 1}
  m_Children: []
  m_Father: {fileID: 3843568235229997185}
  m_RootOrder: 2
  m_LocalEulerAnglesHint: {x: 0, y: 0, z: 0}
--- !u!33 &4006739972879809521
MeshFilter:
  m_ObjectHideFlags: 0
  m_CorrespondingSourceObject: {fileID: 0}
  m_PrefabInstance: {fileID: 0}
  m_PrefabAsset: {fileID: 0}
  m_GameObject: {fileID: 5797308414591974449}
  m_Mesh: {fileID: 0}
--- !u!23 &6776728082924991106
MeshRenderer:
  m_ObjectHideFlags: 0
  m_CorrespondingSourceObject: {fileID: 0}
  m_PrefabInstance: {fileID: 0}
  m_PrefabAsset: {fileID: 0}
  m_GameObject: {fileID: 5797308414591974449}
  m_Enabled: 1
  m_CastShadows: 1
  m_ReceiveShadows: 1
  m_DynamicOccludee: 1
  m_MotionVectors: 1
  m_LightProbeUsage: 1
  m_ReflectionProbeUsage: 1
  m_RenderingLayerMask: 1
  m_RendererPriority: 0
  m_Materials:
  - {fileID: 2100000, guid: 1d1f715968855f64fb3d286ed2be4573, type: 2}
  m_StaticBatchInfo:
    firstSubMesh: 0
    subMeshCount: 0
  m_StaticBatchRoot: {fileID: 0}
  m_ProbeAnchor: {fileID: 0}
  m_LightProbeVolumeOverride: {fileID: 0}
  m_ScaleInLightmap: 1
  m_ReceiveGI: 1
  m_PreserveUVs: 0
  m_IgnoreNormalsForChartDetection: 0
  m_ImportantGI: 0
  m_StitchLightmapSeams: 1
  m_SelectedEditorRenderState: 2
  m_MinimumChartSize: 4
  m_AutoUVMaxDistance: 0.5
  m_AutoUVMaxAngle: 89
  m_LightmapParameters: {fileID: 0}
  m_SortingLayerID: 0
  m_SortingLayer: 0
  m_SortingOrder: 0
--- !u!114 &6728209972572277818
MonoBehaviour:
  m_ObjectHideFlags: 0
  m_CorrespondingSourceObject: {fileID: 0}
  m_PrefabInstance: {fileID: 0}
  m_PrefabAsset: {fileID: 0}
  m_GameObject: {fileID: 5797308414591974449}
  m_Enabled: 1
  m_EditorHideFlags: 0
  m_Script: {fileID: 11500000, guid: 8233d90336aea43098adf6dbabd606a2, type: 3}
  m_Name: 
  m_EditorClassIdentifier: 
  m_MeshFormatVersion: 1
  m_Faces:
  - m_Indexes: 020000000300000001000000020000000100000000000000
    m_SmoothingGroup: 0
    m_Uv:
      m_UseWorldSpace: 0
      m_FlipU: 0
      m_FlipV: 0
      m_SwapUV: 0
      m_Fill: 1
      m_Scale: {x: 1, y: 1}
      m_Offset: {x: 8, y: -0}
      m_Rotation: 0
      m_Anchor: 9
    m_Material: {fileID: 0}
    m_SubmeshIndex: 0
    m_ManualUV: 0
    elementGroup: -1
    m_TextureGroup: -1
  m_SharedVertices:
  - m_Vertices: 00000000
  - m_Vertices: 01000000
  - m_Vertices: 02000000
  - m_Vertices: 03000000
  m_SharedTextures: []
  m_Positions:
  - {x: -12, y: -2, z: 0}
  - {x: 12, y: -2, z: 0}
  - {x: -12, y: -2, z: 28}
  - {x: 12, y: -2, z: 28}
  m_Textures0:
  - {x: -20, y: 0}
  - {x: 4, y: 0}
  - {x: -20, y: 28}
  - {x: 4, y: 28}
  m_Textures2: []
  m_Textures3: []
  m_Tangents:
  - {x: 1, y: 0, z: 0, w: -1}
  - {x: 1, y: 0, z: 0, w: -1}
  - {x: 1, y: 0, z: 0, w: -1}
  - {x: 1, y: 0, z: 0, w: -1}
  m_Colors:
  - {r: 1, g: 0.59836286, b: 0, a: 1}
  - {r: 1, g: 0.59836286, b: 0, a: 1}
  - {r: 1, g: 0.59836286, b: 0, a: 1}
  - {r: 1, g: 0.59836286, b: 0, a: 1}
  m_UnwrapParameters:
    m_HardAngle: 88
    m_PackMargin: 20
    m_AngleError: 8
    m_AreaError: 15
  m_PreserveMeshAssetOnDestroy: 0
  assetGuid: 
  m_IsSelectable: 1
  m_SelectedFaces: 
  m_SelectedEdges: []
  m_SelectedVertices: 
--- !u!64 &6609862580872962089
MeshCollider:
  m_ObjectHideFlags: 0
  m_CorrespondingSourceObject: {fileID: 0}
  m_PrefabInstance: {fileID: 0}
  m_PrefabAsset: {fileID: 0}
  m_GameObject: {fileID: 5797308414591974449}
  m_Material: {fileID: 0}
  m_IsTrigger: 0
  m_Enabled: 1
  serializedVersion: 3
  m_Convex: 0
  m_CookingOptions: 14
  m_Mesh: {fileID: 0}
--- !u!114 &6574674096801003457
MonoBehaviour:
  m_ObjectHideFlags: 0
  m_CorrespondingSourceObject: {fileID: 0}
  m_PrefabInstance: {fileID: 0}
  m_PrefabAsset: {fileID: 0}
  m_GameObject: {fileID: 5797308414591974449}
  m_Enabled: 1
  m_EditorHideFlags: 0
  m_Script: {fileID: 11500000, guid: 7d7efe07afba5ee4ea49cea087251def, type: 3}
  m_Name: 
  m_EditorClassIdentifier: 
  deathType: 0
